<?xml version="1.0" encoding="UTF-8"?><record xmlns="http://www.loc.gov/MARC21/slim" xmlns:cinclude="http://apache.org/cocoon/include/1.0" xmlns:zs="http://www.loc.gov/zing/srw/">
  <leader>00651cz  a2200157n  4500</leader>
  <controlfield tag="001">n  50034869 </controlfield>
  <controlfield tag="003">DLC</controlfield>
  <controlfield tag="005">19960226161736.4</controlfield>
  <controlfield tag="008">800701n| acannaab|          |a aaa |||  </controlfield>
  <datafield tag="010" ind1=" " ind2=" ">
    <subfield code="a">n  50034869 </subfield>
    <subfield code="z">n  88189750 </subfield>
    <subfield code="z">no 95039763 </subfield>
  </datafield>
  <datafield tag="040" ind1=" " ind2=" ">
    <subfield code="a">DLC</subfield>
    <subfield code="c">DLC</subfield>
    <subfield code="d">DLC</subfield>
  </datafield>
  <datafield tag="100" ind1="1" ind2="0">
    <subfield code="a">Graham, Fred P.</subfield>
  </datafield>
  <datafield tag="400" ind1="1" ind2="0">
    <subfield code="a">Graham, Fred</subfield>
  </datafield>
  <datafield tag="670" ind1=" " ind2=" ">
    <subfield code="a">His The self-inflicted wound, 1970.</subfield>
  </datafield>
  <datafield tag="670" ind1=" " ind2=" ">
    <subfield code="a">His Happy talk, c1990:</subfield>
    <subfield code="b">CIP t.p. (Fred Graham) data sheet (b. 1931) bk. jacket (also author of The self-inflicted wound; lives in Nashville, Tenn.)</subfield>
  </datafield>
  <datafield tag="670" ind1=" " ind2=" ">
    <subfield code="a">NUCMC data from LC Manuscript Division for His Papers, 1949-1982</subfield>
    <subfield code="b">(Graham, Fred Patterson, 1931- ; journalist and lawyer)</subfield>
  </datafield>
</record>